<?xml version="1.0" encoding="UTF-8"?>
<!DOCTYPE html PUBLIC "-//W3C//DTD XHTML 1.0 Transitional//EN"
    "http://www.w3.org/TR/xhtml1/DTD/xhtml1-transitional.dtd">
<html xmlns="http://www.w3.org/1999/xhtml" xml:lang="en" lang="en">
 <head>
  <title>
</title>
<meta http-equiv="Content-Type" content="text/html;charset=utf-8" />
  <meta name='ocr-system' content='tesseract 3.04.00' />
  <meta name='ocr-capabilities' content='ocr_page ocr_carea ocr_par ocr_line ocrx_word'/>
</head>
<body>
  <div class='ocr_page' id='page_1' title='image "./commentariainom00bencgoog_0466.png"; bbox 0 0 2054 3846; ppageno 0'>
   <div class='ocr_carea' id='block_1_1' title="bbox 162 169 1005 3519">
    <p class='ocr_par' dir='ltr' id='par_1_1' title="bbox 162 169 1005 3519">
     <span class='ocr_line' id='line_1_1' title="bbox 181 169 925 261; baseline -0.007 -21"><span class='ocrx_word' id='word_1_1' title='bbox 181 179 248 261; x_wconf 58' lang='lat'><strong>456</strong></span> <span class='ocrx_word' id='word_1_2' title='bbox 309 169 885 241; x_wconf 64' lang='lat' dir='ltr'><strong>Comnrnraa1a1n&#39;lia1sr.&#39;</strong></span> <span class='ocrx_word' id='word_1_3' title='bbox 921 172 925 180; x_wconf 89' lang='lat'>&#39;</span> 
     </span>
     <span class='ocr_line' id='line_1_2' title="bbox 179 257 972 342; baseline -0.003 -17"><span class='ocrx_word' id='word_1_4' title='bbox 179 262 232 325; x_wconf 88' lang='lat' dir='ltr'><strong>bat</strong></span> <span class='ocrx_word' id='word_1_5' title='bbox 244 278 297 323; x_wconf 86' lang='lat' dir='ltr'><strong>eos</strong></span> <span class='ocrx_word' id='word_1_6' title='bbox 311 260 341 322; x_wconf 88' lang='lat' dir='ltr'><strong>in</strong></span> <span class='ocrx_word' id='word_1_7' title='bbox 354 277 433 342; x_wconf 87' lang='lat' dir='ltr'><strong>quos</strong></span> <span class='ocrx_word' id='word_1_8' title='bbox 446 260 682 325; x_wconf 84' lang='lat' dir='ltr'><strong>effundebatur:</strong></span> <span class='ocrx_word' id='word_1_9' title='bbox 704 259 826 323; x_wconf 73' lang='lat' dir='ltr'><strong>idcireo</strong></span> <span class='ocrx_word' id='word_1_10' title='bbox 843 257 972 323; x_wconf 74' lang='lat' dir='ltr'><strong>vocaba-</strong></span> 
     </span>
     <span class='ocr_line' id='line_1_3' title="bbox 179 341 980 427; baseline -0.001 -21"><span class='ocrx_word' id='word_1_11' title='bbox 179 356 231 406; x_wconf 82' lang='lat' dir='ltr'><strong>tut</strong></span> <span class='ocrx_word' id='word_1_12' title='bbox 243 347 339 407; x_wconf 77' lang='lat' dir='ltr'><strong>oleum</strong></span> <span class='ocrx_word' id='word_1_13' title='bbox 357 342 571 419; x_wconf 61' lang='lat' dir='ltr'><strong>exaltationis„</strong></span> <span class='ocrx_word' id='word_1_14' title='bbox 589 346 621 408; x_wconf 90' lang='lat' dir='ltr'><strong>id</strong></span> <span class='ocrx_word' id='word_1_15' title='bbox 636 341 696 419; x_wconf 71' lang='lat' dir='ltr'><strong>est,</strong></span> <span class='ocrx_word' id='word_1_16' title='bbox 712 356 914 427; x_wconf 81' lang='lat' dir='ltr'><strong>unguentum</strong></span> <span class='ocrx_word' id='word_1_17' title='bbox 927 344 980 405; x_wconf 74' lang='lat' dir='ltr'><strong>la·-</strong></span> 
     </span>
     <span class='ocr_line' id='line_1_4' title="bbox 179 423 973 508; baseline 0.001 -20"><span class='ocrx_word' id='word_1_18' title='bbox 179 424 299 489; x_wconf 84' lang='lat' dir='ltr'><strong>tificans</strong></span> <span class='ocrx_word' id='word_1_19' title='bbox 308 423 341 490; x_wconf 63' lang='lat' dir='ltr'><strong>it</strong></span> <span class='ocrx_word' id='word_1_20' title='bbox 353 428 738 508; x_wconf 71' lang='lat' dir='ltr'><strong>exirilaranS.Quairrquatii</strong></span> <span class='ocrx_word' id='word_1_21' title='bbox 752 426 861 490; x_wconf 90' lang='lat' dir='ltr'><strong>oleum</strong></span> <span class='ocrx_word' id='word_1_22' title='bbox 875 443 931 508; x_wconf 82' lang='lat' dir='ltr'><strong>per</strong></span> <span class='ocrx_word' id='word_1_23' title='bbox 943 423 973 489; x_wconf 84' lang='lat' dir='ltr'><strong>st</strong></span> 
     </span>
     <span class='ocr_line' id='line_1_5' title="bbox 179 507 973 602; baseline -0.005 -31"><span class='ocrx_word' id='word_1_24' title='bbox 179 509 246 572; x_wconf 84' lang='lat' dir='ltr'><strong>uim</strong></span> <span class='ocrx_word' id='word_1_25' title='bbox 259 509 351 572; x_wconf 83' lang='lat' dir='ltr'><strong>habet</strong></span> <span class='ocrx_word' id='word_1_26' title='bbox 362 507 552 573; x_wconf 79' lang='lat' dir='ltr'><strong>exhilarandi</strong></span> <span class='ocrx_word' id='word_1_27' title='bbox 568 509 654 591; x_wconf 77' lang='lat' dir='ltr'><strong>juxti</strong></span> <span class='ocrx_word' id='word_1_28' title='bbox 673 510 753 573; x_wconf 90' lang='lat' dir='ltr'><strong>illud</strong></span> <span class='ocrx_word' id='word_1_29' title='bbox 774 507 887 594; x_wconf 53' lang='lat' dir='ltr'><strong>esaim.</strong></span> <span class='ocrx_word' id='word_1_30' title='bbox 907 523 973 602; x_wconf 74' lang='lat'><strong>103.</strong></span> 
     </span>
     <span class='ocr_line' id='line_1_6' title="bbox 184 586 975 678; baseline -0.003 -23"><span class='ocrx_word' id='word_1_31' title='bbox 184 589 228 655; x_wconf 86' lang='lat' dir='ltr'><strong>Ut</strong></span> <span class='ocrx_word' id='word_1_32' title='bbox 241 592 389 656; x_wconf 81' lang='lat' dir='ltr'><em>exhilaret</em></span> <span class='ocrx_word' id='word_1_33' title='bbox 398 586 512 678; x_wconf 66' lang='lat' dir='ltr'><strong>ficiem</strong></span> <span class='ocrx_word' id='word_1_34' title='bbox 529 591 561 656; x_wconf 88' lang='lat' dir='ltr'><strong>in</strong></span> <span class='ocrx_word' id='word_1_35' title='bbox 578 595 648 657; x_wconf 82' lang='lat' dir='ltr'><strong>oleo.</strong></span> <span class='ocrx_word' id='word_1_36' title='bbox 659 590 695 657; x_wconf 87' lang='lat' dir='ltr'><strong>ld</strong></span> <span class='ocrx_word' id='word_1_37' title='bbox 715 593 792 655; x_wconf 81' lang='lat' dir='ltr'><strong>veri)</strong></span> <span class='ocrx_word' id='word_1_38' title='bbox 812 588 975 674; x_wconf 82' lang='lat' dir='ltr'><strong>spirituali·</strong></span> 
     </span>
     <span class='ocr_line' id='line_1_7' title="bbox 162 673 1005 761; baseline -0.001 -24"><span class='ocrx_word' id='word_1_39' title='bbox 162 746 164 751; x_wconf 48' lang='grc'>,</span> <span class='ocrx_word' id='word_1_40' title='bbox 181 686 232 737; x_wconf 86' lang='lat' dir='ltr'><strong>ter</strong></span> <span class='ocrx_word' id='word_1_41' title='bbox 245 673 344 740; x_wconf 78' lang='lat' dir='ltr'><strong>multi)</strong></span> <span class='ocrx_word' id='word_1_42' title='bbox 357 675 453 760; x_wconf 83' lang='lat' dir='ltr'><strong>magis</strong></span> <span class='ocrx_word' id='word_1_43' title='bbox 465 675 584 758; x_wconf 83' lang='lat' dir='ltr'><strong>praestat</strong></span> <span class='ocrx_word' id='word_1_44' title='bbox 602 675 706 741; x_wconf 74' lang='lat' dir='ltr'><strong>unitio</strong></span> <span class='ocrx_word' id='word_1_45' title='bbox 719 677 825 761; x_wconf 80' lang='lat' dir='ltr'><strong>gratiae</strong></span> <span class='ocrx_word' id='word_1_46' title='bbox 846 673 976 757; x_wconf 79' lang='lat' dir='ltr'><strong>Spiritus</strong></span> <span class='ocrx_word' id='word_1_47' title='bbox 1001 698 1005 705; x_wconf 91' lang='lat'><em>·</em></span> 
     </span>
     <span class='ocr_line' id='line_1_8' title="bbox 183 751 978 841; baseline -0.003 -21"><span class='ocrx_word' id='word_1_48' title='bbox 183 751 295 834; x_wconf 67' lang='lat' dir='ltr'><strong>saneti,</strong></span> <span class='ocrx_word' id='word_1_49' title='bbox 307 759 368 822; x_wconf 86' lang='lat' dir='ltr'><strong>live</strong></span> <span class='ocrx_word' id='word_1_50' title='bbox 382 757 538 841; x_wconf 85' lang='lat' dir='ltr'><strong>illaquam</strong></span> <span class='ocrx_word' id='word_1_51' title='bbox 558 758 590 822; x_wconf 87' lang='lat' dir='ltr'><strong>io</strong></span> <span class='ocrx_word' id='word_1_52' title='bbox 602 760 656 821; x_wconf 89' lang='lat' dir='ltr'><strong>soa</strong></span> <span class='ocrx_word' id='word_1_53' title='bbox 668 757 876 840; x_wconf 83' lang='lat' dir='ltr'>conceptione</span> <span class='ocrx_word' id='word_1_54' title='bbox 887 755 978 820; x_wconf 85' lang='lat' dir='ltr'><strong>Chri·</strong></span> 
     </span>
     <span class='ocr_line' id='line_1_9' title="bbox 184 837 977 928; baseline 0 -26"><span class='ocrx_word' id='word_1_55' title='bbox 184 837 375 924; x_wconf 79' lang='lat' dir='ltr'><strong>stusaccepit</strong></span> <span class='ocrx_word' id='word_1_56' title='bbox 387 840 449 905; x_wconf 87' lang='lat' dir='ltr'><strong>five</strong></span> <span class='ocrx_word' id='word_1_57' title='bbox 462 843 513 906; x_wconf 89' lang='lat' dir='ltr'><strong>illa</strong></span> <span class='ocrx_word' id='word_1_58' title='bbox 526 843 630 923; x_wconf 77' lang='lat' dir='ltr'><strong>quiin</strong></span> <span class='ocrx_word' id='word_1_59' title='bbox 642 841 768 928; x_wconf 83' lang='lat' dir='ltr'>gloriam</span> <span class='ocrx_word' id='word_1_60' title='bbox 782 840 977 907; x_wconf 77' lang='lat' dir='ltr'><strong>introduttua</strong></span> 
     </span>
     <span class='ocr_line' id='line_1_10' title="bbox 187 919 978 1007; baseline 0 -22"><span class='ocrx_word' id='word_1_61' title='bbox 187 919 224 985; x_wconf 74' lang='lat' dir='ltr'><strong>tit</strong></span> <span class='ocrx_word' id='word_1_62' title='bbox 236 925 322 1004; x_wconf 64' lang='lat' dir='ltr'><strong>regni</strong></span> <span class='ocrx_word' id='word_1_63' title='bbox 342 923 388 988; x_wconf 88' lang='lat' dir='ltr'><strong>sui</strong></span> <span class='ocrx_word' id='word_1_64' title='bbox 406 922 551 1007; x_wconf 82' lang='lat' dir='ltr'><strong>possessor</strong></span> <span class='ocrx_word' id='word_1_65' title='bbox 566 924 664 990; x_wconf 73' lang='lat' dir='ltr'><strong>satim</strong></span> <span class='ocrx_word' id='word_1_66' title='bbox 684 925 736 988; x_wconf 83' lang='lat' dir='ltr'><strong>est.</strong></span> <span class='ocrx_word' id='word_1_67' title='bbox 750 921 978 1006; x_wconf 78' lang='lat' dir='ltr'><strong>Praparticr&#39;pi·</strong></span> 
     </span>
     <span class='ocr_line' id='line_1_11' title="bbox 184 1003 977 1090; baseline -0.001 -20"><span class='ocrx_word' id='word_1_68' title='bbox 184 1004 258 1082; x_wconf 72' lang='lat' dir='ltr'><strong>lus,</strong></span> <span class='ocrx_word' id='word_1_69' title='bbox 269 1007 302 1072; x_wconf 89' lang='lat' dir='ltr'><strong>id</strong></span> <span class='ocrx_word' id='word_1_70' title='bbox 314 1006 379 1081; x_wconf 70' lang='lat' dir='ltr'><strong>est,</strong></span> <span class='ocrx_word' id='word_1_71' title='bbox 392 1004 726 1090; x_wconf 75' lang='lat' dir='ltr'><strong>consortibusaaisaqui</strong></span> <span class='ocrx_word' id='word_1_72' title='bbox 741 1021 847 1070; x_wconf 87' lang='lat' dir='ltr'><strong>autem</strong></span> <span class='ocrx_word' id='word_1_73' title='bbox 860 1008 895 1070; x_wconf 89' lang='lat' dir='ltr'><strong>hi</strong></span> <span class='ocrx_word' id='word_1_74' title='bbox 911 1003 977 1081; x_wconf 75' lang='lat' dir='ltr'><strong>sint,</strong></span> 
     </span>
     <span class='ocr_line' id='line_1_12' title="bbox 188 1084 983 1173; baseline 0.001 -22"><span class='ocrx_word' id='word_1_75' title='bbox 188 1089 300 1152; x_wconf 81' lang='lat' dir='ltr'><strong>clarius</strong></span> <span class='ocrx_word' id='word_1_76' title='bbox 317 1084 510 1172; x_wconf 81' lang='lat' dir='ltr'><strong>intelligetur</strong></span> <span class='ocrx_word' id='word_1_77' title='bbox 528 1107 566 1152; x_wconf 87' lang='lat' dir='ltr'><strong>ex</strong></span> <span class='ocrx_word' id='word_1_78' title='bbox 586 1107 648 1173; x_wconf 83' lang='lat' dir='ltr'><strong>cap.</strong></span> <span class='ocrx_word' id='word_1_79' title='bbox 669 1110 698 1153; x_wconf 75' lang='lat' dir='ltr'><strong>a.</strong></span> <span class='ocrx_word' id='word_1_80' title='bbox 715 1090 749 1154; x_wconf 73' lang='grc' dir='ltr'><strong>δι</strong></span> <span class='ocrx_word' id='word_1_81' title='bbox 770 1105 798 1172; x_wconf 82' lang='lat'><strong>3.</strong></span> <span class='ocrx_word' id='word_1_82' title='bbox 818 1087 889 1171; x_wconf 88' lang='lat' dir='ltr'><strong>Jam</strong></span> <span class='ocrx_word' id='word_1_83' title='bbox 909 1090 983 1153; x_wconf 68' lang='lat' dir='ltr'><strong>bre·</strong></span> 
     </span>
     <span class='ocr_line' id='line_1_13' title="bbox 185 1169 981 1257; baseline 0.001 -23"><span class='ocrx_word' id='word_1_84' title='bbox 185 1169 267 1234; x_wconf 87' lang='lat' dir='ltr'><strong>viter</strong></span> <span class='ocrx_word' id='word_1_85' title='bbox 285 1187 324 1235; x_wconf 88' lang='lat' dir='ltr'><strong>ex</strong></span> <span class='ocrx_word' id='word_1_86' title='bbox 337 1170 384 1235; x_wconf 85' lang='lat' dir='ltr'><strong>his</strong></span> <span class='ocrx_word' id='word_1_87' title='bbox 402 1173 515 1257; x_wconf 83' lang='lat' dir='ltr'>collige</span> <span class='ocrx_word' id='word_1_88' title='bbox 529 1172 701 1237; x_wconf 81' lang='lat' dir='ltr'><strong>antithesim</strong></span> <span class='ocrx_word' id='word_1_89' title='bbox 717 1189 811 1254; x_wconf 87' lang='lat' dir='ltr'><strong>quam</strong></span> <span class='ocrx_word' id='word_1_90' title='bbox 824 1172 907 1236; x_wconf 83' lang='lat' dir='ltr'><strong>inter</strong></span> <span class='ocrx_word' id='word_1_91' title='bbox 917 1171 981 1235; x_wconf 81' lang='lat' dir='ltr'><strong>An·</strong></span> 
     </span>
     <span class='ocr_line' id='line_1_14' title="bbox 190 1253 979 1348; baseline 0.005 -32"><span class='ocrx_word' id='word_1_92' title='bbox 190 1254 278 1348; x_wconf 76' lang='lat' dir='ltr'><strong>gelos</strong></span> <span class='ocrx_word' id='word_1_93' title='bbox 298 1253 508 1320; x_wconf 84' lang='lat' dir='ltr'><strong>&amp;Christum</strong></span> <span class='ocrx_word' id='word_1_94' title='bbox 531 1266 617 1320; x_wconf 86' lang='lat' dir='ltr'><strong>notat</strong></span> <span class='ocrx_word' id='word_1_95' title='bbox 628 1255 805 1339; x_wconf 83' lang='lat' dir='ltr'><strong>Apostolus.</strong></span> <span class='ocrx_word' id='word_1_96' title='bbox 816 1254 979 1339; x_wconf 86' lang='lat' dir='ltr'><strong>Angelos,</strong></span> 
     </span>
     <span class='ocr_line' id='line_1_15' title="bbox 190 1337 978 1422; baseline 0.004 -22"><span class='ocrx_word' id='word_1_97' title='bbox 190 1338 309 1420; x_wconf 77' lang='lat' dir='ltr'><strong>inquit,</strong></span> <span class='ocrx_word' id='word_1_98' title='bbox 322 1338 478 1422; x_wconf 85' lang='lat' dir='ltr'><strong>Scriptura</strong></span> <span class='ocrx_word' id='word_1_99' title='bbox 495 1340 618 1417; x_wconf 87' lang='lat' dir='ltr'><strong>nuntios</strong></span> <span class='ocrx_word' id='word_1_100' title='bbox 637 1340 670 1404; x_wconf 72' lang='grc' dir='ltr'>ἂ</span> <span class='ocrx_word' id='word_1_101' title='bbox 683 1337 837 1403; x_wconf 76' lang='lat' dir='ltr'><strong>ministros</strong></span> <span class='ocrx_word' id='word_1_102' title='bbox 850 1339 914 1404; x_wconf 89' lang='lat' dir='ltr'><strong>Dei</strong></span> <span class='ocrx_word' id='word_1_103' title='bbox 926 1356 978 1403; x_wconf 78' lang='lat' dir='ltr'><strong>vo</strong></span> 
     </span>
     <span class='ocr_line' id='line_1_16' title="bbox 191 1419 980 1504; baseline 0.004 -20"><span class='ocrx_word' id='word_1_104' title='bbox 191 1433 263 1497; x_wconf 70' lang='lat' dir='ltr'><strong>cat,</strong></span> <span class='ocrx_word' id='word_1_105' title='bbox 279 1419 436 1488; x_wconf 83' lang='lat' dir='ltr'><strong>Christum</strong></span> <span class='ocrx_word' id='word_1_106' title='bbox 447 1422 524 1484; x_wconf 79' lang='lat' dir='ltr'><strong>vero</strong></span> <span class='ocrx_word' id='word_1_107' title='bbox 536 1422 622 1504; x_wconf 86' lang='lat' dir='ltr'><strong>quod</strong></span> <span class='ocrx_word' id='word_1_108' title='bbox 636 1423 675 1487; x_wconf 89' lang='lat' dir='ltr'><strong>ad</strong></span> <span class='ocrx_word' id='word_1_109' title='bbox 694 1438 786 1484; x_wconf 85' lang='lat' dir='ltr'><strong>unam</strong></span> <span class='ocrx_word' id='word_1_110' title='bbox 810 1422 880 1503; x_wconf 79' lang='lat' dir='ltr'><strong>ejus</strong></span> <span class='ocrx_word' id='word_1_111' title='bbox 893 1436 980 1487; x_wconf 87' lang='lat' dir='ltr'><strong>natu·</strong></span> 
     </span>
     <span class='ocr_line' id='line_1_17' title="bbox 190 1505 982 1588; baseline 0 -22"><span class='ocrx_word' id='word_1_112' title='bbox 190 1520 255 1567; x_wconf 82' lang='lat' dir='ltr'><strong>ram</strong></span> <span class='ocrx_word' id='word_1_113' title='bbox 268 1505 392 1578; x_wconf 79' lang='lat' dir='ltr'><strong>attinet,</strong></span> <span class='ocrx_word' id='word_1_114' title='bbox 404 1506 509 1571; x_wconf 86' lang='lat' dir='ltr'><strong>Deum</strong></span> <span class='ocrx_word' id='word_1_115' title='bbox 518 1506 671 1587; x_wconf 67' lang='lat' dir='ltr'><strong>appell-an</strong></span> <span class='ocrx_word' id='word_1_116' title='bbox 682 1505 768 1588; x_wconf 88' lang='lat' dir='ltr'><strong>quod</strong></span> <span class='ocrx_word' id='word_1_117' title='bbox 787 1505 827 1569; x_wconf 88' lang='lat' dir='ltr'><strong>ad</strong></span> <span class='ocrx_word' id='word_1_118' title='bbox 841 1505 982 1577; x_wconf 80' lang='lat' dir='ltr'><strong>alteram,</strong></span> 
     </span>
     <span class='ocr_line' id='line_1_18' title="bbox 189 1585 982 1670; baseline 0.003 -22"><span class='ocrx_word' id='word_1_119' title='bbox 189 1586 276 1670; x_wconf 82' lang='lat' dir='ltr'><strong>regni</strong></span> <span class='ocrx_word' id='word_1_120' title='bbox 296 1588 495 1651; x_wconf 83' lang='lat' dir='ltr'><strong>aeternitatem</strong></span> <span class='ocrx_word' id='word_1_121' title='bbox 513 1586 542 1650; x_wconf 85' lang='lat' dir='ltr'><strong>ei</strong></span> <span class='ocrx_word' id='word_1_122' title='bbox 556 1586 694 1652; x_wconf 85' lang='lat' dir='ltr'><strong>attribuit</strong></span> <span class='ocrx_word' id='word_1_123' title='bbox 712 1585 853 1669; x_wconf 84' lang='lat' dir='ltr'><strong>&amp;supra</strong></span> <span class='ocrx_word' id='word_1_124' title='bbox 872 1605 982 1651; x_wconf 83' lang='lat' dir='ltr'><strong>omnes</strong></span> 
     </span>
     <span class='ocr_line' id='line_1_19' title="bbox 191 1667 982 1766; baseline -0.001 -34"><span class='ocrx_word' id='word_1_125' title='bbox 191 1668 355 1752; x_wconf 83' lang='lat' dir='ltr'><strong>participes</strong></span> <span class='ocrx_word' id='word_1_126' title='bbox 366 1687 439 1735; x_wconf 86' lang='lat' dir='ltr'><strong>eum</strong></span> <span class='ocrx_word' id='word_1_127' title='bbox 458 1670 598 1734; x_wconf 88' lang='lat' dir='ltr'><strong>extollit:</strong></span> <span class='ocrx_word' id='word_1_128' title='bbox 612 1673 672 1766; x_wconf 77' lang='lat' dir='ltr'><strong>qui</strong></span> <span class='ocrx_word' id='word_1_129' title='bbox 683 1683 770 1752; x_wconf 87' lang='lat' dir='ltr'><strong>parte</strong></span> <span class='ocrx_word' id='word_1_130' title='bbox 788 1669 896 1733; x_wconf 79' lang='lat' dir='ltr'><strong>rursus</strong></span> <span class='ocrx_word' id='word_1_131' title='bbox 910 1667 982 1732; x_wconf 88' lang='lat' dir='ltr'><strong>taci-</strong></span> 
     </span>
     <span class='ocr_line' id='line_1_20' title="bbox 163 1748 984 1839; baseline 0 -23"><span class='ocrx_word' id='word_1_132' title='bbox 163 1766 165 1775; x_wconf 85' lang='grc'><strong>’</strong></span> <span class='ocrx_word' id='word_1_133' title='bbox 193 1748 225 1816; x_wconf 71' lang='lat' dir='ltr'><strong>ti</strong></span> <span class='ocrx_word' id='word_1_134' title='bbox 244 1754 439 1837; x_wconf 87' lang='lat' dir='ltr'><strong>anteponitur</strong></span> <span class='ocrx_word' id='word_1_135' title='bbox 457 1751 562 1839; x_wconf 77' lang='lat' dir='ltr'><strong>Moysi</strong></span> <span class='ocrx_word' id='word_1_136' title='bbox 581 1772 635 1839; x_wconf 84' lang='lat' dir='ltr'><strong>qui</strong></span> <span class='ocrx_word' id='word_1_137' title='bbox 653 1771 733 1818; x_wconf 88' lang='lat' dir='ltr'><strong>unus</strong></span> <span class='ocrx_word' id='word_1_138' title='bbox 747 1766 812 1817; x_wconf 87' lang='lat' dir='ltr'><strong>erat</strong></span> <span class='ocrx_word' id='word_1_139' title='bbox 826 1768 872 1815; x_wconf 85' lang='lat' dir='ltr'><strong>ex</strong></span> <span class='ocrx_word' id='word_1_140' title='bbox 891 1752 984 1836; x_wconf 91' lang='lat' dir='ltr'><strong>parti·</strong></span> 
     </span>
     <span class='ocr_line' id='line_1_21' title="bbox 193 1833 505 1924; baseline 0.013 -27"><span class='ocrx_word' id='word_1_141' title='bbox 193 1833 337 1919; x_wconf 77' lang='lat' dir='ltr'><strong>cipibus,</strong></span> <span class='ocrx_word' id='word_1_142' title='bbox 353 1855 393 1901; x_wconf 87' lang='lat' dir='ltr'><strong>ex</strong></span> <span class='ocrx_word' id='word_1_143' title='bbox 412 1837 505 1924; x_wconf 66' lang='lat' dir='ltr'><strong>listro.</strong></span> 
     </span>
     <span class='ocr_line' id='line_1_22' title="bbox 206 1921 980 2018; baseline -0.004 -23"><span class='ocrx_word' id='word_1_144' title='bbox 206 1972 209 1977; x_wconf 65' lang='grc'><em>»</em></span> <span class='ocrx_word' id='word_1_145' title='bbox 239 1921 277 2010; x_wconf 67' lang='lat' dir='ltr'><strong>ti.</strong></span> <span class='ocrx_word' id='word_1_146' title='bbox 290 1944 344 1996; x_wconf 92' lang='lat'><strong>10.</strong></span> <span class='ocrx_word' id='word_1_147' title='bbox 359 1925 430 1998; x_wconf 84' lang='lat' dir='ltr'><strong>Er:</strong></span> <span class='ocrx_word' id='word_1_148' title='bbox 444 1925 540 1998; x_wconf 78' lang='lat' dir='ltr'><strong>lain</strong></span> <span class='ocrx_word' id='word_1_149' title='bbox 551 1924 731 2018; x_wconf 83' lang='lat' dir='ltr'><strong>principio</strong></span> <span class='ocrx_word' id='word_1_150' title='bbox 741 1922 898 1996; x_wconf 81' lang='lat' dir='ltr'><strong>Domine</strong></span> <span class='ocrx_word' id='word_1_151' title='bbox 909 1938 980 1993; x_wconf 79' lang='lat' dir='ltr'><strong>rer·</strong></span> 
     </span>
     <span class='ocr_line' id='line_1_23' title="bbox 194 2017 980 2119; baseline -0.003 -27"><span class='ocrx_word' id='word_1_152' title='bbox 194 2041 275 2092; x_wconf 79' lang='lat' dir='ltr'><strong>ram</strong></span> <span class='ocrx_word' id='word_1_153' title='bbox 292 2018 483 2119; x_wconf 74' lang='lat' dir='ltr'><strong>fundasti:</strong></span> <span class='ocrx_word' id='word_1_154' title='bbox 505 2017 549 2110; x_wconf 53' lang='grc' dir='ltr'><em>ὃ</em></span> <span class='ocrx_word' id='word_1_155' title='bbox 568 2035 684 2117; x_wconf 51' lang='grc' dir='ltr'><strong>σφεα</strong></span> <span class='ocrx_word' id='word_1_156' title='bbox 699 2041 874 2092; x_wconf 82' lang='lat' dir='ltr'><strong>manuum</strong></span> <span class='ocrx_word' id='word_1_157' title='bbox 901 2037 980 2091; x_wconf 82' lang='lat' dir='ltr'><strong>tua·</strong></span> 
     </span>
     <span class='ocr_line' id='line_1_24' title="bbox 194 2113 483 2212; baseline 0.017 -27"><span class='ocrx_word' id='word_1_158' title='bbox 194 2120 276 2187; x_wconf 83' lang='lat' dir='ltr'><strong>&#39;ram</strong></span> <span class='ocrx_word' id='word_1_159' title='bbox 285 2113 373 2212; x_wconf 78' lang='lat' dir='ltr'><strong>sain</strong></span> <span class='ocrx_word' id='word_1_160' title='bbox 395 2121 483 2190; x_wconf 77' lang='lat' dir='ltr'><strong>cali.</strong></span> 
     </span>
     <span class='ocr_line' id='line_1_25' title="bbox 203 2202 984 2296; baseline 0.004 -26"><span class='ocrx_word' id='word_1_161' title='bbox 203 2220 207 2225; x_wconf 85' lang='lat'>·</span> <span class='ocrx_word' id='word_1_162' title='bbox 232 2203 393 2291; x_wconf 82' lang='lat' dir='ltr'><strong>Leguntur</strong></span> <span class='ocrx_word' id='word_1_163' title='bbox 405 2211 438 2274; x_wconf 88' lang='lat' dir='ltr'><strong>hi</strong></span> <span class='ocrx_word' id='word_1_164' title='bbox 450 2206 553 2276; x_wconf 80' lang='lat' dir='ltr'><strong>versus</strong></span> <span class='ocrx_word' id='word_1_165' title='bbox 571 2202 745 2296; x_wconf 79' lang='lat' dir='ltr'><strong>Psal.101.;</strong></span> <span class='ocrx_word' id='word_1_166' title='bbox 757 2207 789 2272; x_wconf 91' lang='lat' dir='ltr'><strong>in</strong></span> <span class='ocrx_word' id='word_1_167' title='bbox 808 2227 874 2292; x_wconf 91' lang='lat' dir='ltr'><strong>quo</strong></span> <span class='ocrx_word' id='word_1_168' title='bbox 896 2210 984 2295; x_wconf 83' lang='lat' dir='ltr'><strong>plura</strong></span> 
     </span>
     <span class='ocr_line' id='line_1_26' title="bbox 193 2287 986 2378; baseline 0.004 -24"><span class='ocrx_word' id='word_1_169' title='bbox 193 2287 236 2354; x_wconf 86' lang='lat' dir='ltr'><strong>de</strong></span> <span class='ocrx_word' id='word_1_170' title='bbox 248 2289 466 2358; x_wconf 88' lang='lat' dir='ltr'><strong>restauratione</strong></span> <span class='ocrx_word' id='word_1_171' title='bbox 484 2307 615 2364; x_wconf 77' lang='lat' dir='ltr'><strong>terrenae</strong></span> <span class='ocrx_word' id='word_1_172' title='bbox 631 2290 801 2378; x_wconf 80' lang='lat' dir='ltr'><strong>Jerusalem</strong></span> <span class='ocrx_word' id='word_1_173' title='bbox 820 2292 986 2369; x_wconf 80' lang='lat' dir='ltr'><strong>dicuntur,</strong></span> 
     </span>
     <span class='ocr_line' id='line_1_27' title="bbox 220 2372 985 2460; baseline 0.007 -24"><span class='ocrx_word' id='word_1_174' title='bbox 220 2390 268 2437; x_wconf 86' lang='lat' dir='ltr'><strong>uae</strong></span> <span class='ocrx_word' id='word_1_175' title='bbox 286 2374 413 2460; x_wconf 74' lang='lat' dir='ltr'><strong>mystice</strong></span> <span class='ocrx_word' id='word_1_176' title='bbox 433 2373 594 2447; x_wconf 83' lang='lat' dir='ltr'><strong>reserenda</strong></span> <span class='ocrx_word' id='word_1_177' title='bbox 612 2373 682 2441; x_wconf 88' lang='lat' dir='ltr'><strong>sont</strong></span> <span class='ocrx_word' id='word_1_178' title='bbox 699 2377 736 2440; x_wconf 85' lang='lat' dir='ltr'><strong>ad</strong></span> <span class='ocrx_word' id='word_1_179' title='bbox 748 2372 985 2457; x_wconf 78' lang='lat' dir='ltr'><strong>aedisicationem</strong></span> 
     </span>
     <span class='ocr_line' id='line_1_28' title="bbox 196 2390 985 2555; baseline 0.001 -34"><span class='ocrx_word' id='word_1_180' title='bbox 196 2390 358 2540; x_wconf 54' lang='lat' dir='ltr'><strong>spiritualis</strong></span> <span class='ocrx_word' id='word_1_181' title='bbox 372 2459 404 2524; x_wconf 89' lang='lat'>&amp;</span> <span class='ocrx_word' id='word_1_182' title='bbox 415 2475 536 2525; x_wconf 86' lang='lat' dir='ltr'><strong>aetemae</strong></span> <span class='ocrx_word' id='word_1_183' title='bbox 556 2457 744 2555; x_wconf 74' lang='lat' dir='ltr'><strong>Jerusalem,</strong></span> <span class='ocrx_word' id='word_1_184' title='bbox 759 2460 825 2523; x_wconf 89' lang='lat' dir='ltr'><strong>hoc</strong></span> <span class='ocrx_word' id='word_1_185' title='bbox 838 2456 910 2535; x_wconf 77' lang='lat' dir='ltr'><strong>est,</strong></span> <span class='ocrx_word' id='word_1_186' title='bbox 929 2458 985 2525; x_wconf 82' lang='lat' dir='ltr'><strong>Ec·</strong></span> 
     </span>
     <span class='ocr_line' id='line_1_29' title="bbox 198 2538 984 2627; baseline 0.005 -25"><span class='ocrx_word' id='word_1_187' title='bbox 198 2538 297 2604; x_wconf 86' lang='lat' dir='ltr'><strong>cleiiae</strong></span> <span class='ocrx_word' id='word_1_188' title='bbox 315 2560 384 2625; x_wconf 86' lang='lat' dir='ltr'><strong>quae</strong></span> <span class='ocrx_word' id='word_1_189' title='bbox 403 2541 517 2607; x_wconf 87' lang='lat' dir='ltr'><strong>Christi</strong></span> <span class='ocrx_word' id='word_1_190' title='bbox 536 2543 646 2627; x_wconf 80' lang='lat' dir='ltr'><strong>emitas</strong></span> <span class='ocrx_word' id='word_1_191' title='bbox 665 2559 701 2606; x_wconf 87' lang='lat' dir='ltr'><strong>ac</strong></span> <span class='ocrx_word' id='word_1_192' title='bbox 718 2542 851 2626; x_wconf 80' lang='lat' dir='ltr'><strong>regnum</strong></span> <span class='ocrx_word' id='word_1_193' title='bbox 870 2540 916 2606; x_wconf 90' lang='lat' dir='ltr'><strong>est</strong></span> <span class='ocrx_word' id='word_1_194' title='bbox 930 2541 984 2606; x_wconf 65' lang='grc' dir='ltr'><strong>εδ(</strong></span> 
     </span>
     <span class='ocr_line' id='line_1_30' title="bbox 199 2620 987 2709; baseline 0.004 -23"><span class='ocrx_word' id='word_1_195' title='bbox 199 2620 272 2688; x_wconf 79' lang='lat' dir='ltr'><strong>idei)</strong></span> <span class='ocrx_word' id='word_1_196' title='bbox 288 2627 391 2689; x_wconf 56' lang='lat' dir='ltr'><strong>larcia*</strong></span> <span class='ocrx_word' id='word_1_197' title='bbox 406 2627 465 2690; x_wconf 88' lang='lat' dir='ltr'><strong>hos</strong></span> <span class='ocrx_word' id='word_1_198' title='bbox 478 2623 582 2689; x_wconf 84' lang='lat' dir='ltr'><strong>versus</strong></span> <span class='ocrx_word' id='word_1_199' title='bbox 603 2625 640 2690; x_wconf 86' lang='lat' dir='ltr'><strong>ad</strong></span> <span class='ocrx_word' id='word_1_200' title='bbox 659 2624 851 2709; x_wconf 82' lang='lat' dir='ltr'><strong>probandam</strong></span> <span class='ocrx_word' id='word_1_201' title='bbox 872 2621 987 2691; x_wconf 85' lang='lat' dir='ltr'><strong>Christi</strong></span> 
     </span>
     <span class='ocr_line' id='line_1_31' title="bbox 200 2705 986 2794; baseline 0.006 -26"><span class='ocrx_word' id='word_1_202' title='bbox 200 2707 413 2787; x_wconf 77' lang='lat' dir='ltr'><strong>excellentiam</strong></span> <span class='ocrx_word' id='word_1_203' title='bbox 426 2709 553 2794; x_wconf 79' lang='lat' dir='ltr'><strong>allegat,</strong></span> <span class='ocrx_word' id='word_1_204' title='bbox 573 2709 714 2774; x_wconf 80' lang='lat' dir='ltr'><strong>eamdem</strong></span> <span class='ocrx_word' id='word_1_205' title='bbox 731 2705 986 2775; x_wconf 78' lang='lat' dir='ltr'><strong>demonstransex</strong></span> 
     </span>
     <span class='ocr_line' id='line_1_32' title="bbox 198 2788 988 2877; baseline 0.004 -26"><span class='ocrx_word' id='word_1_206' title='bbox 198 2789 207 2852; x_wconf 93' lang='lat' dir='ltr'><strong>i</strong></span> <span class='ocrx_word' id='word_1_207' title='bbox 232 2788 290 2854; x_wconf 81' lang='lat' dir='ltr'><strong>sius</strong></span> <span class='ocrx_word' id='word_1_208' title='bbox 303 2791 427 2874; x_wconf 84' lang='lat' dir='ltr'><strong>opificio</strong></span> <span class='ocrx_word' id='word_1_209' title='bbox 439 2792 493 2877; x_wconf 89' lang='lat' dir='ltr'><strong>qui</strong></span> <span class='ocrx_word' id='word_1_210' title='bbox 506 2793 601 2855; x_wconf 89' lang='lat' dir='ltr'><strong>coelos</strong></span> <span class='ocrx_word' id='word_1_211' title='bbox 622 2789 656 2854; x_wconf 74' lang='grc' dir='ltr'><strong>δι</strong></span> <span class='ocrx_word' id='word_1_212' title='bbox 675 2802 788 2855; x_wconf 86' lang='lat' dir='ltr'><strong>terram</strong></span> <span class='ocrx_word' id='word_1_213' title='bbox 806 2791 988 2857; x_wconf 84' lang='lat' dir='ltr'><strong>creaverit:</strong></span> 
     </span>
     <span class='ocr_line' id='line_1_33' title="bbox 246 2871 988 2941; baseline 0.004 -5"><span class='ocrx_word' id='word_1_214' title='bbox 246 2873 308 2937; x_wconf 91' lang='lat' dir='ltr'><strong>hoc</strong></span> <span class='ocrx_word' id='word_1_215' title='bbox 321 2876 360 2938; x_wconf 85' lang='lat' dir='ltr'><strong>ad</strong></span> <span class='ocrx_word' id='word_1_216' title='bbox 373 2874 563 2941; x_wconf 85' lang='lat' dir='ltr'><strong>divinitatem</strong></span> <span class='ocrx_word' id='word_1_217' title='bbox 576 2872 718 2937; x_wconf 83' lang='lat' dir='ltr'><strong>refertur.</strong></span> <span class='ocrx_word' id='word_1_218' title='bbox 744 2871 829 2938; x_wconf 84' lang='lat' dir='ltr'><strong>Cion</strong></span> <span class='ocrx_word' id='word_1_219' title='bbox 844 2875 929 2939; x_wconf 90' lang='lat' dir='ltr'><strong>enim</strong></span> <span class='ocrx_word' id='word_1_220' title='bbox 942 2892 988 2938; x_wconf 86' lang='lat' dir='ltr'><strong>an·</strong></span> 
     </span>
     <span class='ocr_line' id='line_1_34' title="bbox 199 2953 988 3041; baseline 0.004 -23"><span class='ocrx_word' id='word_1_221' title='bbox 199 2953 231 3020; x_wconf 67' lang='lat' dir='ltr'><strong>ti</strong></span> <span class='ocrx_word' id='word_1_222' title='bbox 244 2953 374 3034; x_wconf 78' lang='lat' dir='ltr'><strong>dixisset,</strong></span> <span class='ocrx_word' id='word_1_223' title='bbox 385 2957 499 3041; x_wconf 79' lang='lat' dir='ltr'><strong>quando</strong></span> <span class='ocrx_word' id='word_1_224' title='bbox 512 2953 681 3022; x_wconf 78' lang='lat' dir='ltr'><strong>introduxit</strong></span> <span class='ocrx_word' id='word_1_225' title='bbox 694 2973 761 3018; x_wconf 82' lang='lat' dir='ltr'><strong>eam</strong></span> <span class='ocrx_word' id='word_1_226' title='bbox 774 2955 807 3020; x_wconf 85' lang='lat' dir='ltr'><strong>in</strong></span> <span class='ocrx_word' id='word_1_227' title='bbox 818 2957 921 3022; x_wconf 79' lang='lat' dir='ltr'><strong>orbem</strong></span> <span class='ocrx_word' id='word_1_228' title='bbox 933 2971 988 3021; x_wconf 82' lang='lat' dir='ltr'><strong>trr-</strong></span> 
     </span>
     <span class='ocr_line' id='line_1_35' title="bbox 201 3035 990 3124; baseline 0 -21"><span class='ocrx_word' id='word_1_229' title='bbox 201 3059 322 3115; x_wconf 77' lang='lat' dir='ltr'><strong>aarum,</strong></span> <span class='ocrx_word' id='word_1_230' title='bbox 340 3038 419 3105; x_wconf 77' lang='lat' dir='ltr'><strong>forte</strong></span> <span class='ocrx_word' id='word_1_231' title='bbox 434 3058 472 3102; x_wconf 87' lang='lat' dir='ltr'><strong>ex</strong></span> <span class='ocrx_word' id='word_1_232' title='bbox 486 3039 546 3104; x_wconf 89' lang='lat' dir='ltr'><strong>illis</strong></span> <span class='ocrx_word' id='word_1_233' title='bbox 558 3039 660 3104; x_wconf 84' lang='lat' dir='ltr'><strong>verbis</strong></span> <span class='ocrx_word' id='word_1_234' title='bbox 671 3035 821 3124; x_wconf 84' lang='lat' dir='ltr'><strong>quispiam</strong></span> <span class='ocrx_word' id='word_1_235' title='bbox 842 3038 990 3107; x_wconf 83' lang='lat' dir='ltr'><strong>existima·</strong></span> 
     </span>
     <span class='ocr_line' id='line_1_36' title="bbox 203 3119 988 3204; baseline 0.009 -22"><span class='ocrx_word' id='word_1_236' title='bbox 203 3137 237 3184; x_wconf 88' lang='lat' dir='ltr'><strong>re</strong></span> <span class='ocrx_word' id='word_1_237' title='bbox 250 3119 408 3203; x_wconf 72' lang='lat' dir='ltr'><strong>potuisset,</strong></span> <span class='ocrx_word' id='word_1_238' title='bbox 419 3121 506 3186; x_wconf 85' lang='lat' dir='ltr'><strong>illum</strong></span> <span class='ocrx_word' id='word_1_239' title='bbox 525 3137 600 3186; x_wconf 88' lang='lat' dir='ltr'><strong>tunc</strong></span> <span class='ocrx_word' id='word_1_240' title='bbox 617 3122 749 3204; x_wconf 77' lang='lat' dir='ltr'><strong>primum</strong></span> <span class='ocrx_word' id='word_1_241' title='bbox 762 3120 907 3204; x_wconf 76' lang='lat' dir='ltr'><strong>copilse,</strong></span> <span class='ocrx_word' id='word_1_242' title='bbox 920 3122 988 3188; x_wconf 84' lang='lat' dir='ltr'><strong>cum</strong></span> 
     </span>
     <span class='ocr_line' id='line_1_37' title="bbox 203 3201 988 3298; baseline 0.006 -34"><span class='ocrx_word' id='word_1_243' title='bbox 203 3201 349 3298; x_wconf 78' lang='lat' dir='ltr'><strong>assumpti</strong></span> <span class='ocrx_word' id='word_1_244' title='bbox 364 3223 455 3270; x_wconf 85' lang='lat' dir='ltr'><strong>carne</strong></span> <span class='ocrx_word' id='word_1_245' title='bbox 468 3205 498 3269; x_wconf 88' lang='lat' dir='ltr'><strong>in</strong></span> <span class='ocrx_word' id='word_1_246' title='bbox 511 3206 618 3271; x_wconf 84' lang='lat' dir='ltr'><strong>orbem</strong></span> <span class='ocrx_word' id='word_1_247' title='bbox 630 3217 781 3271; x_wconf 85' lang='lat' dir='ltr'><strong>terrarum</strong></span> <span class='ocrx_word' id='word_1_248' title='bbox 793 3204 988 3273; x_wconf 69' lang='lat' dir='ltr'><strong>introduilus</strong></span> 
     </span>
     <span class='ocr_line' id='line_1_38' title="bbox 203 3283 990 3375; baseline 0.009 -29"><span class='ocrx_word' id='word_1_249' title='bbox 203 3283 271 3375; x_wconf 60' lang='grc' dir='ltr'><strong>ρᾶς</strong></span> <span class='ocrx_word' id='word_1_250' title='bbox 297 3285 368 3354; x_wconf 74' lang='lat' dir='ltr'><strong>aleo</strong></span> <span class='ocrx_word' id='word_1_251' title='bbox 392 3286 459 3372; x_wconf 83' lang='lat' dir='ltr'><strong>post</strong></span> <span class='ocrx_word' id='word_1_252' title='bbox 482 3289 583 3354; x_wconf 80' lang='lat' dir='ltr'><strong>habita</strong></span> <span class='ocrx_word' id='word_1_253' title='bbox 602 3288 642 3352; x_wconf 86' lang='lat' dir='ltr'><strong>de</strong></span> <span class='ocrx_word' id='word_1_254' title='bbox 661 3286 852 3353; x_wconf 85' lang='lat' dir='ltr'><strong>humanitate</strong></span> <span class='ocrx_word' id='word_1_255' title='bbox 873 3286 990 3369; x_wconf 82' lang='lat' dir='ltr'><strong>Christi</strong></span> 
     </span>
     <span class='ocr_line' id='line_1_39' title="bbox 203 3366 994 3519; baseline 0.004 -87"><span class='ocrx_word' id='word_1_256' title='bbox 203 3366 314 3449; x_wconf 74' lang='lat' dir='ltr'><strong>verba,</strong></span> <span class='ocrx_word' id='word_1_257' title='bbox 332 3388 416 3438; x_wconf 89' lang='lat' dir='ltr'><strong>nunc</strong></span> <span class='ocrx_word' id='word_1_258' title='bbox 430 3371 535 3437; x_wconf 82' lang='lat' dir='ltr'><strong>rursus</strong></span> <span class='ocrx_word' id='word_1_259' title='bbox 546 3371 586 3439; x_wconf 87' lang='lat' dir='ltr'><strong>ad</strong></span> <span class='ocrx_word' id='word_1_260' title='bbox 597 3371 790 3439; x_wconf 75' lang='lat' dir='ltr'><strong>divnitatem</strong></span> <span class='ocrx_word' id='word_1_261' title='bbox 801 3370 886 3438; x_wconf 88' lang='lat' dir='ltr'><strong>redit</strong></span> <span class='ocrx_word' id='word_1_262' title='bbox 898 3370 994 3519; x_wconf 63' lang='lat' dir='ltr'><strong>ogen-</strong></span> 
     </span>
     <span class='ocr_line' id='line_1_40' title="bbox 609 3467 995 3519; baseline -0.005 0"><span class='ocrx_word' id='word_1_263' title='bbox 609 3469 612 3476; x_wconf 85' lang='lat'>·</span> <span class='ocrx_word' id='word_1_264' title='bbox 940 3467 995 3519; x_wconf 78' lang='lat' dir='ltr'><strong>ena</strong></span> 
     </span>
    </p>
   </div>
   <div class='ocr_carea' id='block_1_2' title="bbox 0 0 1056 3846">
    <p class='ocr_par' dir='ltr' id='par_1_2' title="bbox 0 0 1056 3846">
     <span class='ocr_line' id='line_1_41' title="bbox 0 0 1056 3846; baseline 0 0"><span class='ocrx_word' id='word_1_265' title='bbox 0 0 1056 3846; x_wconf 95' lang='lat' dir='ltr'><strong> </strong></span> 
     </span>
    </p>
   </div>
  </div>
 </body>
</html>
