2054 3846
129 213 198 278 400
235 194 563 262 Comnrrurartra
582 203 625 258 rn
645 193 778 259 Earsr.
794 190 839 258 tt.

127 283 163 358 ab
180 300 230 347 11.
243 281 277 347 bt
291 299 319 347 c.
332 294 384 363 27.
397 280 432 362 ἡ.
446 294 500 362 23.
512 275 547 343 δι
561 293 613 358 24.
631 276 682 341 An
703 279 884 372 apparuerit
891 281 922 347 ei

127 363 285 432 Dominus
300 382 358 450 per
370 361 526 450 Angelum
539 380 578 425 an
593 378 650 445 per
667 358 799 444 seiptum
810 381 877 429 non
890 364 925 431 li·

130 462 216 532 quet.
235 448 363 515 Leonem
381 442 522 532 plerique
540 440 701 510 Neronem
718 442 939 530 interpretan·'

129 543 206 607 tur,
223 530 265 597 fic
282 532 401 598 ditium
412 530 455 598 ob
466 528 613 596 ferociam
632 523 740 623 animi,
758 544 807 624 ear·
817 527 927 619 Cbrys.

130 613 291 702 Agebatur
310 627 414 681 autem
436 613 548 680 tertius
565 627 663 678 annus
686 627 808 695 unpem
832 616 925 697 ejus,

65 744 70 749 -
155 698 258 766 uandb
272 701 383 765 Paulus
394 695 527 783 primitm
538 697 579 762 ad
590 695 726 762 tribunal
738 695 806 777 ejus
822 694 923 764 stetit:

163 781 320 860 liitamen,
340 781 427 866 quod
437 778 626 865 probabilius
637 774 928 855 embacsermoms-

129 864 354 952 figuratamt'tm
367 863 527 953 fignificat
543 875 651 950 putant
663 861 794 946 periculi
806 867 924 954 magni

130 948 288 1025 tudinem,
306 948 325 1016 ὲ
366 968 408 1015 uo
421 948 524 1016 divini
535 965 595 1033 ope
612 945 706 1012 fuerit
718 960 862 1031 ereptus,
880 966 922 1014 ex

131 1023 334 1118 Esar-&E
358 1032 398 1100 io·
910 1121 920 1140 .

154 1212 158 1217 ,
177 1128 217 1216 ri.
235 1128 293 1203 18.
311 1129 500 1203 Liberavit
509 1155 563 1204 me
578 1127 751 1201 Dominus
761 1127 809 1198 ab
825 1144 920 1201 amnt

131 1246 148 1299 o
173 1229 340 1300 eramala
356 1224 426 1309 t&
433 1226 578 1325 salvum
590 1223 705 1320 faciet
713 1226 751 1298 in
765 1249 807 1296 re
831 1247 927 1296 num

146 1345 229 1396 uum
240 1323 456 1422 caelesle,cui
463 1327 584 1425 gloria
599 1326 637 1398 in
650 1319 774 1421 fecula
784 1247 920 1418 ficum·

128 1443 226 1495 rum.
243 1423 371 1497 Amen.

169 1522 345 1602 Liberavit,
357 1518 456 1610 graece
469 1521 503 1590 &
515 1520 654 1610 syriace,
670 1520 781 1609 'eripiet
796 1539 863 1600 mr,
882 1536 923 1589 ut

128 1598 232 1670 sensus
245 1605 297 1680 iit,
314 1626 377 1673 non
388 1605 488 1672 solbm
504 1622 630 1692 ereptus
643 1604 707 1672 sum
721 1605 740 1670 ὲ
755 1605 828 1671 vitae
838 1608 921 1689 peri-

39 1763 42 1767 ,
129 1688 340 1765 culo,veri1m
352 1689 443 1755 etiam
457 1686 545 1756 certb
556 1687 819 1765 confido,foreut
831 1689 919 1758 idem

124 1768 272 1837 Chrious
284 1773 431 1840 Dominus
449 1774 491 1840 im
534 1771 649 1839 sterbm
660 1791 711 1838 me
732 1771 921 1851 conservet,

125 1854 478 1941 finonbperseeutione
530 1853 921 1942 peritulotcerteabomni

126 1944 319 2025 operemalo,
331 1959 396 2027 quo
414 1941 530 2009 scilicet
548 1941 567 2008 a
584 1938 766 2008 confeffione
783 1940 919 2008 nominis

126 2020 194 2103 ejus
205 2025 393 2092 recederem.
405 2026 440 2093 ld
453 2023 513 2104 est,
524 2025 649 2093 confido
661 2023 729 2092 sore
741 2039 778 2090 ut
789 2043 853 2091 non
865 2043 919 2110 pa·

126 2105 220 2171 riatur
237 2125 289 2172 me
306 2105 440 2192 superari
459 2108 477 2174 a
500 2110 689 2186 tentatione,
706 2104 760 2176 sed
784 2111 916 2176 daturus

124 2185 161 2252 fit
174 2189 488 2286 contiantiamtusque
507 2191 547 2286 ad
559 2207 716 2288 mortem,
734 2212 767 2276 q.
784 2194 816 2260 o
829 2192 916 2261 etsri

124 2270 387 2433 ἓῗὲἓοῗῗῖᾟὲ
393 2274 919 2452 ᾓῖἒὶἓὲὲέἱιὶὲἓὲἓῐῖῗνξῗῧ

109 2436 209 2522 suum
219 2438 418 2535 calisinam
432 2445 584 2528 perpetua
601 2442 664 2509 viti
676 2442 711 2509 δι
728 2442 827 2511 salute
839 2464 916 2513 cum

124 2537 165 2586 eo
175 2520 280 2590 fruar:
303 2530 359 2590 Cur
371 2525 490 2592 scilicet
500 2523 625 2592 Christo
643 2527 795 2604 Domino,
805 2529 914 2615 gloria

122 2603 155 2671 in
170 2596 275 2688 secula
282 2606 467 2697 seculorum.¹
488 2612 607 2685 Amen,
625 2609 667 2675 ita
691 2624 727 2675 ut
738 2612 860 2678 clarum
877 2612 914 2678 fit

122 2687 326 2771 Apostolum,
341 2689 395 2758 hic
410 2693 538 2766 Christo
555 2690 729 2760 adscribere
749 2712 822 2779 quae
840 2695 914 2763 alibi

121 2771 196 2840 Deo
211 2783 297 2842 velut
307 2775 430 2861 propria
440 2776 547 2844 tribuit
559 2795 568 2841 t
580 2774 616 2842 itt
631 2793 660 2840 1.
669 2776 751 2845 Tim.
765 2794 793 2842 1.
809 2781 913 2864 7217.

122 2856 618 2947 utmalr.r.27.;ex15stio.
924 2894 929 2905 ·

168 2952 209 3040 ri.
230 2974 287 3047 19.
307 2954 439 3031 Salam
453 2957 635 3057 Priscam,
648 2953 695 3038 &⁹
710 2961 915 3060 Aquilam,

122 3046 169 3130 θ
187 3050 552 3148 Onestphori'domum.

161 3143 277 3211 Salutat
288 3166 374 3214 more
387 3148 461 3226 suo,
472 3149 507 3214 bt
517 3151 718 3235 hosquorum
727 3149 916 3240 frequenter

120 3224 411 3379 ffiffltionem,
423 3232 459 3299 tit
472 3237 560 3302 Rom.
573 3237 630 3306 alr.
646 3238 797 3319 Damam,
810 3237 845 3307 id
857 3242 916 3321 est,
