2054 3846
163 176 223 226 nu
261 148 769 227 Romanorumn-Vl.
790 170 858 242 523

60 257 121 312 toto
133 245 435 330 cap.4.‚&c.9.tl.6.
445 243 483 310 δι’
491 237 575 329 stqq.
592 239 699 328 Apoll
712 241 857 329 exponit:

67 346 107 393 ex
126 327 235 416 Clnjpst
252 330 285 396 ἃ
299 327 400 412 Ansel.
413 327 447 391 &
464 317 557 414 Esto.
853 360 856 369 ·

118 443 156 526 tl.
188 457 244 531 15.
280 441 328 515 Et
349 437 399 533 fic
428 439 683 535 longanimiter
706 436 856 533 ferens,

61 540 207 634 adeptus
227 537 273 636 est
292 535 588 633 repromiffionem.
852 551 859 570 ··

102 641 137 708 Id
158 639 229 718 est,
259 637 456 724 posteaquam
478 639 631 721 patienter
656 631 865 719 expeuaffet,

63 725 249 793 consetutus
262 726 305 788 etl
325 739 391 787 rem
403 722 598 806 promissam
610 736 680 784 nam
696 719 856 788 benedixit

62 803 454 889 eiDeus‚&-semene1us
468 803 693 889 multiplicavit.
711 803 753 868 Et
764 804 795 866 in
807 801 858 869 his

63 894 108 958 est
128 891 221 958 tacita
240 888 473 984 exhortatimq.
487 887 518 954 d.
537 887 582 952 lta
600 884 702 952 &vos
715 887 865 970 exemplo

62 977 158 1060 patris
183 975 341 1050 Abrahae,
359 971 381 1037 fi
405 983 557 1055 patrenter
576 969 774 1056 expelleris,
799 984 860 1035 nec

65 1060 168 1135 animo
180 1057 331 1124 deficiatis
343 1054 374 1120 in
387 1054 613 1130 affiittionibm
623 1050 765 1138 promissa
777 1053 863 1137 bont

64 1141 156 1208 conse
179 1140 305 1206 uemini.
322 1139 479 1204 Abraham
492 1153 596 1203 autem
607 1137 660 1202 ade
680 1153 731 1204 tus
743 1136 865 1203 dicitur.

57 1160 307 1311 promijfionem
327 1221 468 1306 quiores
490 1220 520 1285 ei
537 1221 636 1305 promi
662 1238 700 1298 a,
719 1218 773 1284 etsi
790 1216 859 1304 post

62 1324 198 1373 mortem
223 1308 290 1388 ejus
309 1303 345 1370 ut
369 1300 538 1389 plurimum
558 1321 629 1370 com
651 1303 712 1370 leta
735 1300 862 1387 fuerit,

62 1389 124 1460 suis
148 1390 339 1475 temporibus
361 1385 494 1473 praestita
524 1384 586 1452 fuit
675 1385 856 1470 praestaturt

62 1472 195 1540 maximo
213 1469 361 1557 cumipse
380 1471 486 1538 adhuc
497 1486 603 1537 coram
621 1470 694 1537 Deo
707 1472 811 1547 vivat3
824 1471 863 1537 ut-

63 1555 207 1625 Christus
224 1553 324 1626 asserit
338 1555 448 1620 Matth.
471 1571 523 1619 22.
540 1554 576 1638 pl.
590 1569 642 1640 32.
938 1579 942 1585 ⁴

111 1661 151 1750 il.
188 1659 244 1733 16.
275 1660 442 1732 Homines
467 1657 560 1732 enim
585 1676 657 1754 per
684 1660 856 1753 majorem

58 1755 117 1858 sui
137 1759 305 1853 jurant:
328 1753 373 1836 ἐξ
402 1757 513 1829 omnis
540 1757 781 1848 controuerfiae
801 1781 859 1830 eo·

63 1879 144 1927 rum
154 1852 269 1951 finis,
293 1856 344 1929 ad
361 1851 659 1952 confirmationem
686 1852 734 1952 est
748 1855 860 1951 jura·

64 1971 234 2026 mentum.

176 2056 210 2122 st.
230 2055 270 2122 ab
284 2051 447 2124 hominurn
467 2050 692 2126 consuetudine
711 2056 865 2145 explicat,

65 2155 123 2204 cur
172 2157 229 2205 eus
246 2137 473 2225 promiffionem
492 2141 575 2208 suam
593 2142 766 2226 iuramento
786 2160 861 2210 con·

68 2222 245 2290 finnaverit.
293 2222 356 2292 sed
386 2223 532 2292 Homines
555 2225 709 2311 quidem,
735 2225 888 2312 inquit‚·
958 2260 960 2265 ·

64 2323 121 2390 per
139 2325 213 2372 eum
237 2306 293 2389 qui
311 2307 410 2389 maior
428 2305 465 2372 stt
488 2311 612 2386 urant,
628 2309 703 2393 quia
720 2308 752 2376 se
770 2310 865 2392 majo·

63 2407 130 2454 rem
150 2390 271 2454 habent
284 2389 413 2454 Deum:
433 2386 480 2452 iul·
516 2406 572 2453 eus
587 2408 649 2455 non
661 2390 789 2474 potuit,
807 2390 863 2486 qui

64 2472 213 2552 majorem
238 2488 302 2536 non
323 2469 444 2558 hahet,
462 2467 599 2621 ideopue
634 2491 691 2559 per
723 2473 829 2541 semen

64 2550 132 2619 sum
149 2553 272 2638 juravit.
311 2553 355 2619 ln
373 2549 469 2620 omnis
492 2553 539 2620 fer
574 2573 646 2641 quae
669 2556 750 2624 inter
778 2558 811 2642 ip
824 2574 869 2637 οι,

65 2639 181 2706 accidit
198 2652 252 2704 aut
282 2637 449 2703 intervenit
470 2632 666 2723 controvrrfia
689 2642 862 2708 'uramento

64 2721 194 2800 finitur,
212 2721 302 2788 velut
323 2718 463 2820 legitimo
489 2720 670 2789 dirimendis
700 2722 795 2793 itibus
815 2741 863 2790 re·

64 2805 171 2873 medio
188 2806 313 2890 quoties
332 2806 402 2872 alne
419 2804 618 2890 probationes
636 2805 807 2872 deficiunt:
829 2806 863 2874 id

65 2889 148 2953 enim
174 2903 296 2955 certum
316 2888 452 2966 habetur
471 2888 554 2972 apud
578 2906 659 2965 eos,
679 2891 766 2974 quod
783 2890 864 2973 jura·

65 2971 159 3039 menti
180 2972 329 3074 religione
350 2972 507 3038 firmatum
523 2969 628 3039 fuerit.
646 2968 863 3056 juramentum

66 3055 268 3131 licitumimo
282 3055 322 3122 ad
332 3054 483 3122 liniendas
496 3054 717 3124 controversias
728 3058 863 3140 aliquan-

66 3137 110 3203 do
120 3135 317 3206 neceffatium
329 3136 406 3219 effe,
416 3137 470 3205 hle
482 3138 626 3225 supponit
637 3137 762 3226 Apost.;
781 3139 872 3221 adel)¹

65 3221 194 3305 quidem
205 3234 241 3286 ut
254 3223 342 3290 Deus
353 3220 438 3292 sunm
449 3223 675 3309 promillionem
684 3225 862 3374 {piamento

65 3301 249 3372 confirmare
267 3306 420 3390 voluerit,
435 3312 476 3373 ne
494 3306 571 3396 quid
582 3307 612 3374 ei
624 3309 685 3377 dee
706 3309 858 3377 evidere·
