2054 3846
213 183 276 235 nn
311 164 564 236 Hrrnreos·
592 167 701 235 Cur:
732 166 791 237 tv.
829 185 902 260 493

115 254 206 322 ter'rae
222 255 383 338 promill‘ae.
406 257 511 324 Docet
528 255 774 340 itaquel‘aulus,
793 257 906 325 Deum

115 357 173 426 per
189 338 346 406 Davidem
363 340 453 404 nobis
468 337 617 404 inlinuare
636 339 772 424 requiem
792 359 903 425 quarn·

116 423 188 489 dam
201 421 312 486 abillis
324 422 421 487 tribus
433 420 582 489 diversam
595 441 603 486 ι
617 423 773 486 nonenim
786 424 825 488 de
838 423 901 508 pri·

116 524 167 572 ma
184 504 312 591 intelligi

116 588 161 659 est
184 523 412 672 seques-iim,
436 588 644 666 nonn0st1a3
669 588 723 653 sed
747 590 899 673 quiajam

115 670 190 738 olim
204 670 290 736 initio
303 670 587 739 creationismundi
598 668 745 757 praecellit
759 688 767 732 ε
787 690 845 738 nec
857 673 899 739 de

115 751 274 830 ricorde,
293 752 366 839 quia
379 755 412 820 ut
425 755 494 822 haec
506 758 565 837 jam
584 757 709 841 antiqua
721 768 786 820 erat
798 757 829 820 in
841 756 902 823 illo

114 839 242 923 populo.
266 837 317 903 De
329 838 418 903 tertia
430 837 508 904 vero
521 840 648 923 quidem
662 836 788 903 eatenus
799 838 905 923 loqui«

114 933 181 998 tur,
193 921 280 1005 quod
298 923 336 986 ad
355 921 487 987 litteram
501 924 541 989 de
560 923 611 988 illa
630 920 906 1006 accipiendumsm

115 1002 213 1081 illud„
224 1003 261 1086 st
265 1003 428 1072 introibrmt
446 1005 479 1070 iu
496 1006 630 1092 requiem
647 1018 766 1070 meam.-
784 1004 837 1073 sed
855 1005 899 1071 ita

113 1097 217 1152 tamen
242 1100 277 1152 ut
300 1085 545 1173 subintelligatur
568 1089 671 1156 adhuc
694 1088 752 1154 alia
774 1089 906 1173 requies

116 1170 319 1254 exspeelanda
339 1188 395 1252 per
414 1172 498 1237 illam
515 1174 719 1259 prefigurata„
738 1168 903 1241 Hortatur-

115 1255 197 1319 enim
215 1252 369 1319 Pl'almistn
388 1251 458 1320 suos
477 1258 755 1338 contemporaneos
768 1256 807 1321 ad
825 1258 899 1322 obe·

115 1337 264 1403 diendum
280 1339 353 1402 voci
371 1336 448 1413 Dei,
467 1356 506 1403 ne
519 1338 662 1405 excidant
676 1337 693 1403 i
706 1338 813 1422 requie
827 1338 899 1423 ipsis

112 1418 279 1570 qromilsa,
303 1420 381 1486 srcut
403 1434 506 1504 patres
524 1438 634 1486 eorum
652 1422 756 1487 Deum
773 1437 898 1487 exacer-

137 1517 223 1569 antes
245 1503 428 1571 ercidetunt
445 1506 463 1570 i
480 1505 589 1588 requie
607 1505 717 1569 Terrae
742 1500 905 1569 Chanaan..

116 1587 198 1672 Quae
226 1589 351 1671 requies
379 1586 484 1657 adhuc
519 1583 719 1672 exspectanda
748 1587 808 1653 alia
836 1585 905 1653 elle.-

115 1688 177 1737 non
201 1669 300 1754 potest
344 1671 415 1737 uim
434 1671 531 1755 patria
554 1670 705 1746 caelellis:
731 1666 773 1735 fic
791 1668 904 1758 byeus.

115 1743 307 1840 postssbryfi
320 1690 357 1823 2?
375 1757 495 1821 Orcum.
744 1818 749 1825 .

161 1866 201 1955 ti.
225 1886 260 1959 4.
284 1866 403 1940 Dixit·
419 1865 568 1937 enimin
591 1865 828 1961 quodem-loeo
855 1870 897 1941 de

114 1965 171 2043 eir
181 1960 338 2060 septima,
347 1960 427 2057 fic:
460 1956 504 2039 &
524 1963 700 2056 requievit
722 1964 823 2038 Deus
840 1967 901 2037 dio.
978 1997 985 2005 ·

105 2058 263 2157 septimii
280 2062 327 2133 ab
344 2059 498 2133 oumibus
516 2059 677 2151 operibus
689 2054 778 2154 suis.

154 2166 251 2234 D'r'xr'r
278 2162 471 2255 subintellige
489 2162 647 2252 Scriptura
673 2171 748 2235 Gen.
768 2185 822 2248 2,
843 2172 906 2240 ubi

114 2250 232 2319 mentio
250 2250 285 2316 lit
302 2251 408 2336 primae
430 2251 566 2337 quietis,
584 2251 646 2337 qui
664 2251 753 2319 Deus
770 2251 835 2338 ipse
852 2273 898 2320 re·

114 2332 262 2421 quieville
285 2334 400 2403 dicitur
424 2335 458 2400 &
484 2336 588 2400 adhuc
615 2333 808 2415 requiescit:
827 2352 905 2420 quae·

367 504 424 571 test
436 505 557 583 David,
570 523 640 572 ‹non
654 501 844 588 solun-qula
862 523 905 572 ea

113 2418 242 2568 quidem
259 2436 322 2482 non
335 2414 379 2481 est
391 2430 488 2501 typus
496 2414 607 2480 nostrae
626 2415 756 2498 alicujus
768 2419 900 2500 quietis,

147 2498 281 2588 dmagis
299 2501 479 2648 exemqlum
491 2499 638 2596 emystica
655 2509 757 2566 tamen
772 2504 829 2577 ell,
845 2514 907 2598 nt:

113 2584 187 2671 pote
196 2581 394 2670 significansrl
406 2602 455 2648 am
462 2583 522 2649 Det
535 2583 755 2733 requiemquu
764 2583 906 2666 requiei·

113 2684 165 2734 cet
178 2668 212 2735 ὅτ
225 2670 256 2733 in
275 2680 424 2732 aeternum
443 2663 625 2750 requiescet·
641 2683 677 2732 ac
719 2667 904 2736 eteoahrtur

105 2752 147 2819 'in
165 2751 263 2819 beatis
280 2764 436 2838 tamquam
447 2751 479 2815 in
490 2766 585 2833 opere
602 2746 659 2815 suo
678 2749 905 2831 perfeitifflmo

112 2833 278 2923 Requirere
290 2832 325 2898 δι
344 2835 383 2901 ab
399 2849 494 2917 opere
518 2829 641 2900 collavit
658 2834 788 2898 innuens
800 2833 831 2899 se
842 2836 907 2901 ho·

111 2920 247 3001 minem,
260 2914 327 3000 post
337 2917 425 2999 cujus
448 2916 637 2982 creationem
656 2915 832 3012 requievit·⁹
857 2918 927 2996 adv*

112 3004 256 3087 requiem
269 2998 304 3067 tit
322 2995 736 3087 heatitudinemfecille21ta
753 3000 858 3084 Ausel.

159 3104 198 3195 l.
210 3119 243 3195 5.
254 3104 304 3181 Et
316 3102 431 3200 irrisio
447 3100 593 3179 rursum
608 3128 624 3177 .·,
641 3102 685 3189 Si.
698 3106 905 3183 iurreiiunr

111 3208 150 3284 iu
167 3202 323 3299 requiem
339 3224 463 3275 meum.
690 3242 693 3247 ·

149 3315 242 3392 Elia
256 3316 441 3394 iuePsalm'r
451 3314 523 3392 loco
534 3312 658 3412 rurfirnr
666 3308 750 3397 dicit
762 3321 911 3412 serium
